@Book{xie2015,
  title = {Dynamic Documents with {R} and knitr},
  author = {Yihui Xie},
  publisher = {Chapman and Hall/CRC},
  address = {Boca Raton, Florida},
  year = {2015},
  edition = {2nd},
  note = {ISBN 978-1498716963},
  url = {http://yihui.name/knitr/},
}

@Book{DSR1,
  title = {R for Data Science},
  author = {Garrett Grolemund, Hadley Wickham},
  publisher = {O'REILLY},
  address = {Gravenstein Highway North, Canada},
  year = {2017},
  edition = {1st},
  note = {ISBN 978-1491910399},
  url = {http://r4ds.had.co.nz/},
}

@Manual{R-tidyverse,
  title = {tidyverse: Easily Install and Load the 'Tidyverse'},
  author = {Hadley Wickham},
  year = {2017},
  note = {R package version 1.2.1},
  url = {https://CRAN.R-project.org/package=tidyverse},
  }

@article{KOL,
  title = {Mapping the public agenda with topic modeling: The case of the Russian livejournal},
  author = {Koltsova, Olessia and Koltcov, Sergei},
  journal = {Policy \& Internet},
  year = {2013},
  volume = {5},
  number = {2},
  pages = {207-227},
  keywords = {Russia, blogs, topic modeling, LDA, political protests, online public opinion},
  doi = {10.1002/1944-2866.POI331},
}
